<record><leader>01768cam a2200433 i 45 0</leader><controlfield tag="001">6802409</controlfield><controlfield tag="003">OCoLC</controlfield><controlfield tag="005">20150210164550.0</controlfield><controlfield tag="006">m    |o  d |      </controlfield><controlfield tag="007">cr*|||||||||||</controlfield><controlfield tag="008">140821s2015    enk     ob    001 0 eng  </controlfield><datafield ind1=" " ind2=" " tag="010"><subfield code="a">  2014032239</subfield></datafield><datafield ind1=" " ind2=" " tag="015"><subfield code="a">GBB4E9896</subfield><subfield code="2">bnb</subfield></datafield><datafield ind1="7" ind2=" " tag="016"><subfield code="a">016983559</subfield><subfield code="2">Uk</subfield></datafield><datafield ind1=" " ind2=" " tag="020"><subfield code="a">9781316106204 (ebook)</subfield></datafield><datafield ind1=" " ind2=" " tag="020"><subfield code="a">9781107090019</subfield></datafield><datafield ind1=" " ind2=" " tag="020"><subfield code="a">1107090016</subfield></datafield><datafield ind1=" " ind2=" " tag="020"><subfield code="z">9781107041004</subfield></datafield><datafield ind1=" " ind2=" " tag="020"><subfield code="z">1107041007</subfield></datafield><datafield ind1=" " ind2=" " tag="035"><subfield code="a">ocn903236747</subfield></datafield><datafield ind1=" " ind2=" " tag="040"><subfield code="a">DLC</subfield><subfield code="e">rda</subfield><subfield code="b">eng</subfield><subfield code="c">DLC</subfield><subfield code="d">YDX</subfield><subfield code="d">BTCTA</subfield><subfield code="d">UKMGB</subfield><subfield code="d">YDXCP</subfield><subfield code="d">AEU</subfield></datafield><datafield ind1=" " ind2=" " tag="042"><subfield code="a">pcc</subfield></datafield><datafield ind1="0" ind2="0" tag="050"><subfield code="a">PA6661.E8</subfield><subfield code="b">G9 2015</subfield></datafield><datafield ind1="0" ind2="0" tag="082"><subfield code="a">188</subfield><subfield code="2">23</subfield></datafield><datafield ind1=" " ind2=" " tag="090"><subfield code="a">Internet Access</subfield><subfield code="b">AEU</subfield></datafield><datafield ind1="1" ind2=" " tag="100"><subfield code="a">Gunderson, Erik,</subfield><subfield code="e">author.</subfield></datafield><datafield ind1="1" ind2="4" tag="245"><subfield code="a">The sublime Seneca :</subfield><subfield code="b">ethics, literature, metaphysics /</subfield><subfield code="c">by Erik Gunderson.</subfield></datafield><datafield ind1=" " ind2="1" tag="264"><subfield code="a">Cambridge, United Kingdom :</subfield><subfield code="b">Cambridge University Press,</subfield><subfield code="c">2015.</subfield></datafield><datafield ind1=" " ind2=" " tag="300"><subfield code="a">1 online resource (vii, 229 pages)</subfield></datafield><datafield ind1=" " ind2=" " tag="336"><subfield code="a">text</subfield><subfield code="2">rdacontent</subfield></datafield><datafield ind1=" " ind2=" " tag="337"><subfield code="a">computer</subfield><subfield code="2">rdamedia</subfield></datafield><datafield ind1=" " ind2=" " tag="338"><subfield code="a">online resource</subfield><subfield code="2">rdacarrier</subfield></datafield><datafield ind1=" " ind2=" " tag="504"><subfield code="a">Includes bibliographical references and index.</subfield></datafield><datafield ind1="0" ind2=" " tag="505"><subfield code="a">Introduction -- Misreading Seneca -- Writing metaphysics -- The nature of Seneca -- The spectacle of ethics -- Losing Seneca -- The analytics of desire -- The last monster -- Conclusion: the metaphysics of Senecan morals -- Notes -- Bibliography -- Index.</subfield></datafield><datafield ind1=" " ind2=" " tag="506"><subfield code="a">Access restricted to authorized users and institutions.</subfield></datafield><datafield ind1=" " ind2=" " tag="596"><subfield code="a">44</subfield></datafield><datafield ind1="1" ind2="0" tag="600"><subfield code="a">Seneca, Lucius Annaeus,</subfield><subfield code="d">approximately 4 B.C.-65 A.D.</subfield><subfield code="t">Epistulae morales ad Lucilium.</subfield></datafield><datafield ind1="4" ind2="0" tag="856"><subfield code="3">University of Alberta Access</subfield><subfield code="u">http://dx.doi.org/10.1017/CBO9781316106204</subfield></datafield><datafield ind1=" " ind2=" " tag="926"><subfield code="a">Internet Access</subfield><subfield code="w">LC</subfield><subfield code="c">1</subfield><subfield code="i">6802409-1001</subfield><subfield code="l">INTERNET</subfield><subfield code="m">UAINTERNET</subfield><subfield code="r">Y</subfield><subfield code="s">Y</subfield><subfield code="t">E-RESOURCE</subfield><subfield code="u">2/10/2015</subfield><subfield code="x">E-BOOK</subfield><subfield code="z">CBO</subfield></datafield></record>